<record>
  <leader>03861cam a2200421 i 4500</leader>
  <controlfield tag="001">9979201969103681</controlfield>
  <controlfield tag="005">20230802160403.0</controlfield>
  <controlfield tag="008">221107t20232023enk      b    001 0 eng d</controlfield>
  <datafield ind1=" " ind2=" " tag="015">
    <subfield code="a">GBC2K8046</subfield>
    <subfield code="2">bnb</subfield>
  </datafield>
  <datafield ind1="7" ind2=" " tag="016">
    <subfield code="a">020816223</subfield>
    <subfield code="2">Uk</subfield>
  </datafield>
  <datafield ind1=" " ind2=" " tag="020">
    <subfield code="a">9780192874986</subfield>
    <subfield code="q">hardcover</subfield>
  </datafield>
  <datafield ind1=" " ind2=" " tag="020">
    <subfield code="a">0192874985</subfield>
    <subfield code="q">hardcover</subfield>
  </datafield>
  <datafield ind1="1" ind2=" " tag="029">
    <subfield code="a">AU@</subfield>
    <subfield code="b">000074563566</subfield>
  </datafield>
  <datafield ind1=" " ind2=" " tag="035">
    <subfield code="a">(OCoLC)1371587684</subfield>
  </datafield>
  <datafield ind1=" " ind2=" " tag="035">
    <subfield code="a">(OCoLC)on1371587684</subfield>
  </datafield>
  <datafield ind1=" " ind2=" " tag="040">
    <subfield code="a">EQO</subfield>
    <subfield code="b">eng</subfield>
    <subfield code="e">rda</subfield>
    <subfield code="c">EQO</subfield>
    <subfield code="d">YDX</subfield>
    <subfield code="d">ISB</subfield>
    <subfield code="d">OCLCF</subfield>
    <subfield code="d">DTM</subfield>
  </datafield>
  <datafield ind1=" " ind2="4" tag="050">
    <subfield code="a">BT135</subfield>
    <subfield code="b">.K67 2023</subfield>
  </datafield>
  <datafield ind1="0" ind2="4" tag="082">
    <subfield code="a">231.5</subfield>
    <subfield code="2">23</subfield>
  </datafield>
  <datafield ind1="1" ind2=" " tag="100">
    <subfield code="a">Kopf, Simon Maria,</subfield>
    <subfield code="d">1989-</subfield>
    <subfield code="e">author.</subfield>
  </datafield>
  <datafield ind1="1" ind2="0" tag="245">
    <subfield code="a">Reframing providence :</subfield>
    <subfield code="b">new perspectives from Aquinas on the divine action debate /</subfield>
    <subfield code="c">Simon Maria Kopf.</subfield>
  </datafield>
  <datafield ind1=" " ind2=" " tag="250">
    <subfield code="a">First edition.</subfield>
  </datafield>
  <datafield ind1=" " ind2="1" tag="264">
    <subfield code="a">Oxford :</subfield>
    <subfield code="b">Oxford University Press,</subfield>
    <subfield code="c">2023.</subfield>
  </datafield>
  <datafield ind1=" " ind2="4" tag="264">
    <subfield code="c">©2023</subfield>
  </datafield>
  <datafield ind1=" " ind2=" " tag="300">
    <subfield code="a">xii, 306 pages ;</subfield>
    <subfield code="c">24 cm.</subfield>
  </datafield>
  <datafield ind1=" " ind2=" " tag="336">
    <subfield code="a">text</subfield>
    <subfield code="2">rdacontent</subfield>
  </datafield>
  <datafield ind1=" " ind2=" " tag="337">
    <subfield code="a">unmediated</subfield>
    <subfield code="2">rdamedia</subfield>
  </datafield>
  <datafield ind1=" " ind2=" " tag="338">
    <subfield code="a">volume</subfield>
    <subfield code="2">rdacarrier</subfield>
  </datafield>
  <datafield ind1="1" ind2=" " tag="490">
    <subfield code="a">Oxford theology and religion monographs</subfield>
  </datafield>
  <datafield ind1=" " ind2=" " tag="500">
    <subfield code="a">Revised from the author's DPhil thesis, University of Oxford--Acknowledgements.</subfield>
  </datafield>
  <datafield ind1=" " ind2=" " tag="504">
    <subfield code="a">Includes bibliographical references and index.</subfield>
  </datafield>
  <datafield ind1="0" ind2=" " tag="505">
    <subfield code="a">I. Framing providence: actionistic providence. The divine action debate -- The divine Action Project (1988-2003) -- The reason for the deadlock --II. Reframing providence - prudential-ordinative providence. Towards a prudential-ordinative understanding of providence -- Divine providence, natural contingency, and the doctrine of transcendence -- The teleological nature of providence and the teleological natures of creatures -- III. An application-revisiting an evolution debate. Replaying the tape of life -- Evaluating the theological responses.</subfield>
  </datafield>
  <datafield ind1=" " ind2=" " tag="520">
    <subfield code="a">"The doctrine of providence, which states that God guides his creation, has been widely conceived in action terms in recent theological scholarship. A telling example is the so-called divine action debate, which is largely based on two principles: (i) providence is best conceptualised in terms of divine action; and (ii) divine action is best modelled on human action. By examining this debate, and especially the Divine Action Project (1988-2003), which led to the 'scientific turn' of the debate, this study argues that theo-physical incompatibilism, as a corollary of this 'framing' of providence, can be identified as the main reason for the current deadlock in divine action theories-namely, the assumption that just as human (libertarian) free action presupposes causal indeterminism, so, too, does divine action in the world presuppose causal indeterminism. Instead of recalibrating the much-discussed non-interventionist objective divine action (NIODA) approaches, Simon Maria Kopf advocates a 'reframing' of providence in terms of the virtue of prudence. To this end, this book examines the 'prudential-ordinative' theory of Thomas Aquinas and contrasts it with the prevalent 'actionistic', or action-based, model of providence. In this process, Kopf discusses, among other topics, the doctrine of divine transcendence, primary and secondary causation, natural necessity and contingency, and teleology as essential features of this 'prudential-ordinative' theory. The final part of the book addresses how these two approaches fare when applied to the question of biological evolution, which includes the revisiting of the controversy between Stephen Jay Gould and Simon Conway Morris over what would happen if one were to rerun the tape of life."</subfield>
    <subfield code="c">--Provided by publisher</subfield>
  </datafield>
  <datafield ind1=" " ind2="0" tag="650">
    <subfield code="a">Providence and government of God</subfield>
    <subfield code="x">Christianity</subfield>
    <subfield code="x">History of doctrines.</subfield>
  </datafield>
  <datafield ind1="0" ind2="0" tag="600">
    <subfield code="a">Thomas,</subfield>
    <subfield code="c">Aquinas, Saint,</subfield>
    <subfield code="d">1225?-1274.</subfield>
  </datafield>
  <datafield ind1="0" ind2="7" tag="600">
    <subfield code="a">Thomas,</subfield>
    <subfield code="c">Aquinas, Saint,</subfield>
    <subfield code="d">1225?-1274.</subfield>
    <subfield code="2">fast</subfield>
    <subfield code="0">(OCoLC)fst00029176</subfield>
  </datafield>
  <datafield ind1=" " ind2="0" tag="830">
    <subfield code="a">Oxford theology and religion monographs</subfield>
  </datafield>
  <datafield ind1=" " ind2=" " tag="948">
    <subfield code="h">NO HOLDINGS IN PAU - 14 OTHER HOLDINGS</subfield>
  </datafield>
  <datafield ind1=" " ind2=" " tag="994">
    <subfield code="a">Z0</subfield>
    <subfield code="b">PAU</subfield>
  </datafield>
  <datafield ind1=" " ind2=" " tag="AVA">
    <subfield code="0">9979201969103681</subfield>
    <subfield code="8">22776414880003681</subfield>
    <subfield code="a">01UPENN_INST</subfield>
    <subfield code="b">VanPeltLib</subfield>
    <subfield code="c">Stacks</subfield>
    <subfield code="d">BT135 .K67 2023</subfield>
    <subfield code="e">available</subfield>
    <subfield code="f">1</subfield>
    <subfield code="g">0</subfield>
    <subfield code="j">vanp</subfield>
    <subfield code="k">0</subfield>
    <subfield code="p">1</subfield>
    <subfield code="q">Van Pelt Library</subfield>
  </datafield>
</record>